<record><leader>00000cas a22000007a 4500</leader><controlfield tag="001">16507270</controlfield><controlfield tag="008">870818d1917191ualuwr ne      0    0eng d</controlfield><datafield ind1=" " ind2=" " tag="010"><subfield code="a">sn 87050289 </subfield></datafield><datafield ind1=" " ind2=" " tag="040"><subfield code="a">AAR</subfield><subfield code="b">eng</subfield><subfield code="c">AAR</subfield><subfield code="d">CPN</subfield><subfield code="d">OCLCQ</subfield></datafield><datafield ind1=" " ind2=" " tag="042"><subfield code="a">msc</subfield></datafield><datafield ind1="0" ind2=" " tag="130"><subfield code="a">Camden journal (Camden, Ala.)</subfield></datafield><datafield ind1="1" ind2="0" tag="245"><subfield code="a">Camden journal.</subfield></datafield><datafield ind1=" " ind2=" " tag="260"><subfield code="a">Camden, Ala. :</subfield><subfield code="b">H.K. Ellis,</subfield><subfield code="c">1917-</subfield></datafield><datafield ind1=" " ind2=" " tag="310"><subfield code="a">Weekly</subfield></datafield><datafield ind1="0" ind2=" " tag="362"><subfield code="a">Vol. 1, no. 1 (Nov. 15, 1917)-</subfield></datafield><datafield ind1=" " ind2=" " tag="752"><subfield code="a">United States</subfield><subfield code="b">Alabama</subfield><subfield code="c">Wilcox</subfield><subfield code="d">Camden.</subfield></datafield></record>